@inproceedings{galloway2013symmetry,
	author =       " K. S. Galloway and E. W. Justh  and P. S. Krishnaprasad",
	title =        " Symmetry and reduction in collectives: cyclic pursuit strategies",
	journal =      " Proceedings of the Royal Society",
	year=2013,
	volume=469,
	number=2158,
	pages=""
}

@article{ramirez2009cyclic,
	author =       " J. L. Ramirez and M. Pavone  and E. Frazzoli",
	title =        " Cyclic Pursuit for Spacecraft Formation Control",
	journal =      " Proceedings of the American Control Conference",
	year=2009,
	volume=469,
	number=2158,
	pages="4811--4817"
}

@techreport{ramirez2010new,
	title={New decentralized algorithms for spacecraft formation control based on a cyclic approach},
	author={Ramirez Riberos, Jaime L},
	year={2010},
	institution={DTIC Document}
}

@article{ramirez2010distributed,
	author =       " J.L. Ramirez-Riberos and M. Pavone and E. Frazzoli and D. W. Miller",
	title =        " Distributed Control of Spacecraft Formations via Cyclic Pursuit: Theory and Experiments",
	journal =      " Journal of Guidance, Control and Dynamics",
	year=2010,
	volume=33,
	number=5,
	pages="1655-1669"
}

@article{shames2012circumnavigation,
	author =       " I. Shames and S. Dasgupta and B. Fidan and B. D. O. Anderson",
	title =        " Circumnavigation Using Distance Measurements under Slow Drift",
	journal =      " IEEE Transactions on Automatic Control",
	year=2010,
	volume=57,
	number=45,
	pages="889--903"
}

@article{pavone2007decentralized,
	author =       " M. Pavone and E. Frazzoli",
	title =        " Decentralized Policies for Geometric Pattern Formation and Path Coverage",
	journal =      " Journal of Dynamics Systems, Measurement, and Control",
	year=2007,
	volume=129,
	number=5,
	pages="633-643"
}

@article{deghat2010target,
	author =       " M. Deghat and I. Shames and B. D. O. Anderson and C. Yu",
	title =        " Target Localization and Circumnavigation Using Bearing Measurements",
	journal =      " IEEE 49th Conference on Decision and Control",
	year=2010,
	volume= ,
	number= ,
	pages="334-339"
}

@article{zhao2014distributed,
	author =       " S. Zhao and F. Lin and K. Peng and B. M. Chen and T. H. Lee",
	title =        " Distributed Control of Angle-Constrained Cyclic Formations Using Bearing-Only Measurements",
	journal =      " Systems {\&} control Letters",
	year=2010,
	volume= 63,
	number= ,
	pages="12-24"
}

@article{fathian2016distributed,
	author =       " K. Fathian and D. I. Rachinskii and T. H. Summers and N. R. Gans",
	title =        " Distributed Control of Cylic Formations with Local Relative Position Measurements",
	journal =      " IEEE 55th Conference on Decision and Control",
	year=2016,
	volume= ,
	number= ,
	pages="49-56"
}

@article{ma2013cooperative,
	author =       " L. Ma and N. Hovakimyan",
	title =        " Cooperative Target Tracking in Balanced Circular Formation: Multiple UAVs Tracking a Ground Vehicle",
	journal =      " IEEE 55th Conference on Decision and Control",
	year=2016,
	volume= ,
	number= ,
	pages="49-56"
}

@article{moore2010source,
	title={Source seeking via collaborative measurements by a circular formation of agents},
	author={Moore, Brandon J and Canudas-de-Wit, Carlos},
	booktitle={American Control Conference (ACC), 2010},
	pages={6417--6422},
	year={2010},
	organization={IEEE}
}

@article{marshall2004formations,
	author =       " J.A. Marshall and M. E. Broucke and B. A. Francis",
	title =        " Formations of Vehicles in Cyclic Pursuit",
	journal =      " IEEE Transactions on Automatic Control",
	year=2004,
	volume=49,
	number=11,
	pages="1963-1974"
}

article{reynolds1987flocks,
	title={Flocks, herds and schools: A distributed behavioral model},
	author={Reynolds, Craig W},
	journal={ACM SIGGRAPH computer graphics},
	volume={21},
	number={4},
	pages={25--34},
	year={1987},
	publisher={ACM}
}

@article{cone1962thermal,
	title= "Thermal soaring of starlings",
	author= " C. D. Cone",
	journal= " Auk",
	volume= 50,
	number= 1,
	pages="180-209",
	year=1962
}

@article{akos2010thermal,
	author =       " Z. Akos and M. Nagy and S. Leven and T. Vicsek",
	title =        " Thermal Soaring Flight of Birds and Unmanned Aerial Vehicles",
	journal =      " Bioinspiration and Biomimetics",
	year=2010,
	volume= 5,
	number= 4,
	pages="1-12"
}

@article{deghat2014localization,
	title={Localization and circumnavigation of a slowly moving target using bearing measurements},
	author={Deghat, Mohammad and Shames, Iman and Anderson, Brian DO and Yu, Changbin},
	journal={IEEE Transactions on Automatic Control},
	volume={59},
	number={8},
	pages={2182--2188},
	year={2014},
	publisher={IEEE}
}

@book{khalil1996nonlinear,
	title = {Nonlinear Systems},
	subtitle = {},
	author = {H.K. Khalil},
	year = {2014},
	publisher = {Pearson},
	pages={57-70},
}

@Book{bullo2017lectures,
	author =    {F. Bullo},
	title =     {Lectures on Network Systems},
	year =      2017,
	publisher = {Version 0.95},
	note =      {With contributions by J. Cortes, F. Dorfler, and S. Martinez},
	url =       {http://motion.me.ucsb.edu/book-lns},
}

@techreport{justh2002simple,
	title={A simple control law for UAV formation flying},
	author={Justh, Eric W and Krishnaprasad, Perinkulam S},
	year={2002},
	institution={University of Maryland, Institute for Systems}
}

@article{justh2003steering,
	author =       " E.W. Justh and P. S. Krishnaprasad",
	title =        " Steering laws and continuum models for planar formations",
	journal =      " Proceedings of the 42nd IEEE Conference on Decision and Control",
	year=2004,
	volume=4,
	number=,
	pages="3609-3614"
}

@article{parrish2002self,
	author =       " J. K. Parrish and S. V. Viscido and D. Gr{\"{u}}nbaum",
	title =        " Self-Organized Fish Schools: An Examination of Emergent Properties",
	journal =      " The Biological Bulletin",
	year=2002,
	volume=202,
	number=,
	pages="296-905"
}

@article{tabuada2001cylic,
	author =       " P. Tabuada and G. J. Pappas and P. Lima",
	title =        " Cylic Directed formations of Multi-Agent Systems",
	journal =      " The Biological Bulletin",
	year=2002,
	volume=202,
	number=,
	pages="296-905"
	}

@article{daingage2016failsafe,
	author =       " S. Daingade and A. Sinha",
	title =        " Fail-safe Encircling of Multiple Unmanned Aerial Vehicles with Bearing-Only Measurements",
	journal =      " International Journal of Micro Air Vehicles",
	year=2016,
	volume= 8,
	number= 4,
	pages="240-251"
}

@article{daingage2016variant,
	author =       " S. Daingade and A. Sinha and A. V. Borkar and H. Arya",
	title =        " A Variant of Cyclic Pursuit for Target Tracking Applications: Theory and Implimentations",
	journal =      " Autonomous Robots",
	year=2016,
	volume= 40,
	number= 4,
	pages="669â€“686"
}

@article{morbidi2010maintaining,
	author =       " F. Morbidi and A. Giannitrapani and D. Prattichizzo",
	title =        " Maintaining Connectivity among Multiple Agents in Cylic Pursuit: A Geometric Approach",
	journal =      " 49th IEEE Conference on Decision and Control",
	year=2010,
	volume=  ,
	number=  ,
	pages=""
}

@article{sharma2012cylic,
	author =       " B. R. Sharma and S. Ramakrishnan and M. Kumar",
	title =        " Cylic Pursuit in a Multi-Agent system with Double-Integrator Dynamics under Non-Linear Interactions",
	journal =      " ASME 2012 5th Annual Dynamic Systems and Control Conference",
	year=2012,
	volume=  ,
	number=  ,
	pages=""
}

@article{galloway2017collective,
	author =       " K. S. Galloway and B. Dey",
	title =        " Collective Motion under Beacon-Referenced Cylic Pursuit",
	journal =      " submitted to Automatic",
	year= 2017,
	volume=  ,
	number=  ,
	pages=""
}

@article{richardson2001nonmutual,
	author =       " T. J. Richardson",
	title =        " Non-mutual Captures in Cyclic Pursuit",
	journal =      " Annals of Mathematics and Artificial Intelligence",
	year= 2001,
	volume= 31,
	number= 1-4,
	pages="127-146"
}
